@inproceedings{bilgen2015prediction,
  title={Prediction of return in online shopping},
  author={Bilgen, {\.I}smail and Sara{\c{c}}, {\"O}mer Sinan},
  booktitle={Signal Processing and Communications Applications Conference (SIU), 2015 23th},
  pages={2577--2580},
  year={2015},
  organization={IEEE}
}
